<?xml version="1.0" encoding="UTF-8"?><collection xmlns="http://www.loc.gov/MARC21/slim"><record><leader>00364nam--2200133-i-4500</leader><controlfield tag="001">000038806</controlfield><controlfield tag="002">20161230</controlfield><controlfield tag="005">20161230201042</controlfield><controlfield tag="008">060222s1000------------r-----000-0-eng-d</controlfield><datafield ind1=" " ind2=" " tag="080"><subfield code="a">802.0:800.7</subfield></datafield><datafield ind1=" " ind2=" " tag="100"><subfield code="a">Richards,I.A. And Gibson,Crhristine M</subfield></datafield><datafield ind1=" " ind2=" " tag="245"><subfield code="a">E nglish through pictures. book 1</subfield></datafield><datafield ind1=" " ind2=" " tag="260"><subfield code="a">New York, Washington Skare Press, 1961. 286 P</subfield></datafield><datafield ind1=" " ind2=" " tag="852"><subfield code="a">1719</subfield></datafield></record></collection>